@INPROCEEDINGS{yun2013,
author={K. Yun and Y. Peng and D. Samaras and G. J. Zelinsky and T. L. Berg},
booktitle={Computer Vision and Pattern Recognition (CVPR), 2013 IEEE Conference on},
title={Studying Relationships between Human Gaze, Description, and Computer Vision},
year={2013},
pages={739-746},
keywords={computer vision;gesture recognition;natural language processing;object recognition;computer vision datasets;eye movements;gaze-enabled annotation;gaze-enabled detection;human cues;human gaze;image description;natural language construction;user behavior;user defined content importance;user intent content importance;visual recognition systems;Computer vision;Detectors;Object detection;Object segmentation;Observers;TV;Visualization},
doi={10.1109/CVPR.2013.101},
ISSN={1063-6919},
month={June},}

@Inbook{vilarino2007,
author="Vilari{\~{n}}o, Fernando
and Lacey, Gerard
and Zhou, Jiang
and Mulcahy, Hugh
and Patchett, Stephen",
editor="Mart{\'i}, Joan
and Bened{\'i}, Jos{\'e} Miguel
and Mendon{\c{c}}a, Ana Maria
and Serrat, Joan",
chapter="Automatic Labeling of Colonoscopy Video for Cancer Detection",
title="Pattern Recognition and Image Analysis: Third Iberian Conference, IbPRIA 2007, Girona, Spain, June 6-8, 2007, Proceedings, Part I",
year="2007",
publisher="Springer Berlin Heidelberg",
address="Berlin, Heidelberg",
pages="290--297",
isbn="978-3-540-72847-4",
doi="10.1007/978-3-540-72847-4_38",
url="http://dx.doi.org/10.1007/978-3-540-72847-4_38"
}

@article{achanta2012,
 author = {Achanta, Radhakrishna and Shaji, Appu and Smith, Kevin and Lucchi, Aurelien and Fua, Pascal and Susstrunk, Sabine},
 title = {SLIC Superpixels Compared to State-of-the-Art Superpixel Methods},
 journal = {IEEE Trans. Pattern Anal. Mach. Intell.},
 issue_date = {November 2012},
 volume = {34},
 number = {11},
 month = nov,
 year = {2012},
 issn = {0162-8828},
 pages = {2274--2282},
 numpages = {9},
 url = {http://dx.doi.org/10.1109/TPAMI.2012.120},
 doi = {10.1109/TPAMI.2012.120},
 acmid = {2377556},
 publisher = {IEEE Computer Society},
 address = {Washington, DC, USA},
 keywords = {Superpixels, segmentation, clustering, k-means},
} 

@Article{vandenbergh2014,
  author = {Michael Van den Bergh and Xavier Boix and Gemma Roig and Luc Van Gool },
  title = {SEEDS: Superpixels Extracted Via Energy-Driven Sampling},
  journal = {International Journal of Computer Vision (IJCV)},
  year = {2014},
  month = {},
  pages = {},
  volume = {},
  number = {},
  keywords = {},
  note = {in press}
}

@incollection{sznitman2014,
  title={Fast part-based classification for instrument detection in minimally invasive surgery},
  author={Sznitman, Raphael and Becker, Carlos and Fua, Pascal},
  booktitle={Medical Image Computing and Computer-Assisted Intervention--MICCAI 2014},
  pages={692--699},
  year={2014},
  publisher={Springer}
}

@Article{franklin2008,
author="Franklin, James",
title="The elements of statistical learning: data mining, inference and prediction",
journal="The Mathematical Intelligencer",
year="2008",
volume="27",
number="2",
pages="83--85",
issn="0343-6993",
doi="10.1007/BF02985802",
url="http://dx.doi.org/10.1007/BF02985802"
}

@ARTICLE{boykov2004,
author={Y. Boykov and V. Kolmogorov},
journal={IEEE Transactions on Pattern Analysis and Machine Intelligence},
title={An experimental comparison of min-cut/max- flow algorithms for energy minimization in vision},
year={2004},
volume={26},
number={9},
pages={1124-1137},
keywords={computational complexity;computer vision;directed graphs;image restoration;image segmentation;minimax techniques;stereo image processing;tree searching;Ford-Fulkerson style algorithms;Goldberg-Tarjan style methods;augmenting path algorithms;combinatorial optimization;computer vision;energy minimization;graph algorithms;image restoration;image segmentation;image stereo;low level vision;minimum cut-maximum flow algorithms;polynomial time complexity;push-relabel methods;Application software;Clustering algorithms;Computer vision;Image restoration;Image segmentation;Iterative algorithms;Labeling;Minimization methods;Simulated annealing;Stereo vision;Index Terms- Energy minimization;graph algorithms;image restoration;maximum flow;minimum cut;multicamera scene reconstruction.;segmentation;stereo;Algorithms;Artificial Intelligence;Cluster Analysis;Energy Transfer;Image Enhancement;Image Interpretation, Computer-Assisted;Imaging, Three-Dimensional;Information Storage and Retrieval;Pattern Recognition, Automated;Photogrammetry;Photography;Reproducibility of Results;Sensitivity and Specificity},
doi={10.1109/TPAMI.2004.60},
ISSN={0162-8828},
month={Sept},}

@book{bakir2007,
  title={Predicting structured data},
  author={Bakir, G{\"o}khan},
  year={2007},
  publisher={MIT press}
}


@ARTICLE{serradell2015,
author={E. Serradell and M. A. Pinheiro and R. Sznitman and J. Kybic and F. Moreno-Noguer and P. Fua},
journal={IEEE Transactions on Pattern Analysis and Machine Intelligence},
title={Non-Rigid Graph Registration Using Active Testing Search},
year={2015},
volume={37},
number={3},
pages={625-638},
keywords={Gaussian processes;Image resolution;Microscopy;Noise;Retina;Search problems;Testing;Graph matching;active testing search;non-rigid registration},
doi={10.1109/TPAMI.2014.2343235},
ISSN={0162-8828},
month={March},}

@ARTICLE{tsiligkaridis2014,
author={T. Tsiligkaridis and B. M. Sadler and A. O. Hero},
journal={IEEE Transactions on Information Theory},
title={Collaborative 20 Questions for Target Localization},
year={2014},
volume={60},
number={4},
pages={2233-2252},
keywords={entropy;error statistics;learning (artificial intelligence);mean square error methods;probability;target tracking;active machine learning;binary query;collaborative questions;convergence rates;entropy;error exponents;error probability;mean square error;multiple players;noisy response;optimal policy;probabilistic bisection;refined filtration;sequential policy;sequential scheme;stochastic search problems;target localization;target location;Collaboration;Entropy;Games;Joints;Noise measurement;Probabilistic logic;Search problems;Optimal query selection;convergence rate;human-aided decision making;machineâ€“machine interaction;minimum entropy;target localization},
doi={10.1109/TIT.2014.2304455},
ISSN={0018-9448},
month={April},}

@incollection{duPlessis2014,
title = {Analysis of Learning from Positive and Unlabeled Data},
author = {du Plessis, Marthinus C and Niu, Gang and Sugiyama, Masashi},
booktitle = {Advances in Neural Information Processing Systems 27},
editor = {Z. Ghahramani and M. Welling and C. Cortes and N. D. Lawrence and K. Q. Weinberger},
pages = {703--711},
year = {2014},
publisher = {Curran Associates, Inc.},
url = {http://papers.nips.cc/paper/5509-analysis-of-learning-from-positive-and-unlabeled-data.pdf}
}

@inproceedings{duPlessis2015,
   Publisher = {JMLR Workshop and Conference Proceedings},
   title="Convex Formulation for Learning from Positive and Unlabeled Data",
   Author={Plessis, Marthinus Du and Niu, Gang and Sugiyama, Masashi},
   year="2015",
   Booktitle="Proceedings of the 32nd International Conference on Machine Learning (ICML-15)",
   Editor={David Blei and Francis Bach},
   pages="1386-1394",
   url="http://jmlr.org/proceedings/papers/v37/plessis15.pdf"
   } 

@INPROCEEDINGS{sznitman2013,
author={R. Sznitman and C. Becker and F. Fleuret and P. Fua},
booktitle={Computer Vision and Pattern Recognition (CVPR), 2013 IEEE Conference on},
title={Fast Object Detection with Entropy-Driven Evaluation},
year={2013},
pages={3270-3277},
keywords={entropy;image classification;object detection;probability;cascade-style approaches;class label;ensemble classifiers;entropy-driven evaluation;fast object detection;intermediary response;intermediary stopping;object classification tasks;probability estimation;rejection thresholds;speeding-up classifier evaluation;Accuracy;Entropy;Face;Indexes;Training;Uncertainty;Vectors;Computer Vision;Efficient Classifier Evaluation;Ensemble Classifier;Object Detection},
doi={10.1109/CVPR.2013.420},
ISSN={1063-6919},
month={June},}

@article{saberian2014,
  author  = {Mohammad Saberian and Nuno Vasconcelos},
  title   = {Boosting Algorithms for Detector Cascade Learning},
  journal = {Journal of Machine Learning Research},
  year    = {2014},
  volume  = {15},
  pages   = {2569-2605},
  url     = {http://jmlr.org/papers/v15/saberian14a.html}
}

@INPROCEEDINGS{bourdev2005,
author={L. Bourdev and J. Brandt},
booktitle={Computer Vision and Pattern Recognition, 2005. CVPR 2005. IEEE Computer Society Conference on},
title={Robust object detection via soft cascade},
year={2005},
volume={2},
pages={236-243 vol. 2},
keywords={generalisation (artificial intelligence);image classification;learning (artificial intelligence);object detection;object detection;object detector training;soft cascade architecture generalization;Computer vision;Detectors;Face detection;Filters;Neural networks;Object detection;Robustness;Skin},
doi={10.1109/CVPR.2005.310},
ISSN={1063-6919},
month={June},}

@incollection{zhang2007,
    Publisher = {MIT Press},
    Author = {Cha Zhang and Paul A. Viola},
    Url = {http://books.nips.cc/papers/files/nips20/NIPS2007_0575.pdf},
    Booktitle = {Advances in Neural Information Processing Systems 20},
    Title = {Multiple-Instance Pruning For Learning Efficient Cascade Detectors},
    Year = {2007},
    Editor = {J.c. Platt and D. Koller and Y. Singer and S. Roweis},
    Address = {Cambridge, MA},
    Pages = {1681--1688}
   } 

@INPROCEEDINGS{sochman2005,
author={J. Sochman and J. Matas},
booktitle={Computer Vision and Pattern Recognition, 2005. CVPR 2005. IEEE Computer Society Conference on},
title={WaldBoost - learning for time constrained sequential detection},
year={2005},
volume={2},
pages={150-156 vol. 2},
keywords={computer vision;decision making;face recognition;image classification;learning (artificial intelligence);optimisation;probability;AdaBoost algorithm;Wald optimal sequential probability ratio test;WaldBoost learning algorithm;computer vision classification problem;face detection problem;joint probability density estimation;time constrained sequential detection;Computer errors;Computer vision;Decision making;Density measurement;Error analysis;Probability density function;Sequential analysis;Testing;Time factors;Time measurement},
doi={10.1109/CVPR.2005.373},
ISSN={1063-6919},
month={June},}

@MISC{freund1999,
    author = {Yoav Freund and Robert E. Schapire},
    title = { A Short Introduction to Boosting},
    year = {1999}
}
@book{cover2006,
 author = {Cover, Thomas M. and Thomas, Joy A.},
 title = {Elements of Information Theory (Wiley Series in Telecommunications and Signal Processing)},
 year = {2006},
 isbn = {0471241954},
 publisher = {Wiley-Interscience},
} 

@article{ali2012,
author = {K. Ali and F. Fleuret and D. Hasler and P. Fua},
title = {A Real-Time Deformable Detector},
journal ={IEEE Transactions on Pattern Analysis and Machine Intelligence},
volume = {34},
number = {2},
issn = {0162-8828},
year = {2012},
pages = {225-239},
doi = {http://doi.ieeecomputersociety.org/10.1109/TPAMI.2011.117},
publisher = {IEEE Computer Society},
address = {Los Alamitos, CA, USA},
}

@MISC{vidalTutorialSPC,
    author = {RenÃ© Vidal},
    title = {A TUTORIAL ON SUBSPACE CLUSTERING},
    year = {}
}

@article{jordan2004,
  title={Learning spectral clustering},
  author={Jordan, FRBMI and Bach, F},
  journal={Adv. Neural Inf. Process. Syst},
  volume={16},
  pages={305--312},
  year={2004}
}

@InProceedings{li2015,
author = {Li, Chun-Guang and Vidal, Rene},
title = {Structured Sparse Subspace Clustering: A Unified Optimization Framework},
booktitle = {The IEEE Conference on Computer Vision and Pattern Recognition (CVPR)},
month = {June},
year = {2015}
}


@article{powell2008,
  author =       {Stephanie Powell and Vincent A. Magnotta and Hans Johnson and
                  Vamsi K. Jammalamadaka and Ronald Pierson and Nancy C.
                  Andreasen},
  title =        {Registration and Machine Learning-Based Automated Segmentation
                  of Subcortical and Cerebellar Brain Structures},
  journal =      {NeuroImage},
  volume =       39,
  number =       1,
  pages =        {238-247},
  year =         2008,
  doi =          {10.1016/j.neuroimage.2007.05.063},
  url =          {http://dx.doi.org/10.1016/j.neuroimage.2007.05.063},
  date_added =   {Mon Mar 21 13:52:34 2016},
}

@Inbook{gasmi2012,
author="Gasmi, Karim
and Kharrat, Ahmed
and Messaoud, Mohamed Ben
and Abid, Mohamed",
editor="Campilho, Aur{\'e}lio
and Kamel, Mohamed",
chapter="Automated Segmentation of Brain Tumor Using Optimal Texture Features and Support Vector Machine Classifier",
title="Image Analysis and Recognition: 9th International Conference, ICIAR 2012, Aveiro, Portugal, June 25-27, 2012. Proceedings, Part II",
year="2012",
publisher="Springer Berlin Heidelberg",
address="Berlin, Heidelberg",
pages="230--239",
isbn="978-3-642-31298-4",
doi="10.1007/978-3-642-31298-4_28",
url="http://dx.doi.org/10.1007/978-3-642-31298-4_28"
}

@article{vijayakumar2007,
  author =       {C. Vijayakumar and Gharpure Damayanti and R. Pant and C.M.
                  Sreedhar},
  title =        {Segmentation and Grading of Brain Tumors on Apparent Diffusion
                  Coefficient Images Using Self-Organizing Maps},
  journal =      {Computerized Medical Imaging and Graphics},
  volume =       31,
  number =       7,
  pages =        {473-484},
  year =         2007,
  doi =          {10.1016/j.compmedimag.2007.04.004},
  url =          {http://dx.doi.org/10.1016/j.compmedimag.2007.04.004},
  date_added =   {Mon Mar 21 13:54:48 2016},
}


@Manual{eyegazetracker,
  title =        {Eye Tribe Tracker, The Eye Tribe},
  OPTkey =       {},
  OPTauthor =    {},
  OPTorganization = {},
  OPTaddress =   {https://theeyetribe.com/products/},
  OPTedition =   {},
  OPTmonth =     {},
  OPTyear =      {},
  OPTnote =      {},
  OPTannote =    {}
}



@article{zikic2014,
  author =       {D. Zikic and B. Glocker and A. Criminisi},
  title =        {Encoding Atlases By Randomized Classification Forests for
                  Efficient Multi-Atlas Label Propagation},
  journal =      {Medical Image Analysis},
  volume =       18,
  number =       8,
  pages =        {1262-1273},
  year =         2014,
  doi =          {10.1016/j.media.2014.06.010},
  url =          {http://dx.doi.org/10.1016/j.media.2014.06.010},
  date_added =   {Mon Mar 21 14:59:31 2016},
}

@Inbook{pinheiro2013,
author="Pinheiro, Miguel Am{\'a}vel
and Sznitman, Raphael
and Serradell, Eduard
and Kybic, Jan
and Moreno-Noguer, Francesc
and Fua, Pascal",
editor="Gee, James C.
and Joshi, Sarang
and Pohl, Kilian M.
and Wells, William M.
and Z{\"o}llei, Lilla",
chapter="Active Testing Search for Point Cloud Matching",
title="Information Processing in Medical Imaging: 23rd International Conference, IPMI 2013, Asilomar, CA, USA, June 28--July 3, 2013. Proceedings",
year="2013",
publisher="Springer Berlin Heidelberg",
address="Berlin, Heidelberg",
pages="572--583",
isbn="978-3-642-38868-2",
doi="10.1007/978-3-642-38868-2_48",
url="http://dx.doi.org/10.1007/978-3-642-38868-2_48"
}




@article{wang2014,
  author =       { Junqiu Wang and Yasushi Yagi},
  title =        {Many-To-Many Superpixel Matching for Robust Tracking},
  journal =      {IEEE Trans. Cybern.},
  volume =       44,
  number =       7,
  pages =        {1237-1248},
  year =         2014,
  doi =          {10.1109/tcyb.2013.2296511},
  url =          {http://dx.doi.org/10.1109/TCYB.2013.2296511},
  date_added =   {Mon Apr 11 17:01:38 2016},
}

@INPROCEEDINGS{grundmann2010,
author={M. Grundmann and V. Kwatra and M. Han and I. Essa},
booktitle={Computer Vision and Pattern Recognition (CVPR), 2010 IEEE Conference on},
title={Efficient hierarchical graph-based video segmentation},
year={2010},
pages={2141-2148},
keywords={image segmentation;image sequences;graph based video segmentation;hierarchical approach;optical flow;spatiotemporal segmentation;video sequence;Image motion analysis;Iterative algorithms;Scalability;Spatiotemporal phenomena;Streaming media;Tree graphs;Video sequences},
doi={10.1109/CVPR.2010.5539893},
ISSN={1063-6919},
month={June},}

@article{felzenszwalb2004,
 author = {Felzenszwalb, Pedro F. and Huttenlocher, Daniel P.},
 title = {Efficient Graph-Based Image Segmentation},
 journal = {Int. J. Comput. Vision},
 issue_date = {September 2004},
 volume = {59},
 number = {2},
 month = sep,
 year = {2004},
 issn = {0920-5691},
 pages = {167--181},
 numpages = {15},
 url = {http://dx.doi.org/10.1023/B:VISI.0000022288.19776.77},
 doi = {10.1023/B:VISI.0000022288.19776.77},
 acmid = {981796},
 publisher = {Kluwer Academic Publishers},
 address = {Hingham, MA, USA},
 keywords = {clustering, graph algorithm, image segmentation, perceptual organization},
} 

@Proceedings{gaze2Segment,
  title =        {Gaze2Segment: A pilot study for integrating eye-tracking technology into medical image segmentation},
  year =         {2016},
  OPTkey =       {},
  OPTbooktitle = {},
  OPTeditor =    {},
  OPTvolume =    {},
  OPTnumber =    {},
  OPTseries =    {},
  OPTaddress =   {},
  OPTmonth =     {},
  OPTorganization = {},
  OPTpublisher = {},
  OPTnote =      {},
  OPTannote =    {}
}

@inproceedings{kumar2008,
 author = {Kumar, Manu and Klingner, Jeff and Puranik, Rohan and Winograd, Terry and Paepcke, Andreas},
 title = {Improving the Accuracy of Gaze Input for Interaction},
 booktitle = {Proceedings of the 2008 Symposium on Eye Tracking Research \&\#38; Applications},
 series = {ETRA '08},
 year = {2008},
 isbn = {978-1-59593-982-1},
 location = {Savannah, Georgia},
 pages = {65--68},
 numpages = {4},
 url = {http://doi.acm.org/10.1145/1344471.1344488},
 doi = {10.1145/1344471.1344488},
 acmid = {1344488},
 publisher = {ACM},
 address = {New York, NY, USA},
 keywords = {eye tracking, eye-hand coordination, fixation smoothing, focus points, gaze input, gaze-enhanced user interface design},
} 

@article{hou2012,
author = {Xiaodi Hou and Jonathan Harel and Christof Koch},
title = {Image Signature: Highlighting Sparse Salient Regions},
journal ={IEEE Transactions on Pattern Analysis and Machine Intelligence},
volume = {34},
number = {1},
issn = {0162-8828},
year = {2012},
pages = {194-201},
doi = {http://doi.ieeecomputersociety.org/10.1109/TPAMI.2011.146},
publisher = {IEEE Computer Society},
address = {Los Alamitos, CA, USA},
}

@INPROCEEDINGS{achanta2009,
author={R. Achanta and S. Hemami and F. Estrada and S. Susstrunk},
booktitle={Computer Vision and Pattern Recognition, 2009. CVPR 2009. IEEE Conference on},
title={Frequency-tuned salient region detection},
year={2009},
pages={1597-1604},
keywords={edge detection;image colour analysis;image resolution;color;frequency-tuned salient region detection;full resolution saliency map;luminance;visual saliency;Biological system modeling;Biology computing;Frequency domain analysis;Frequency estimation;Image analysis;Image coding;Image segmentation;Object detection;Object recognition;Object segmentation},
doi={10.1109/CVPR.2009.5206596},
ISSN={1063-6919},
month={June},}


@ARTICLE{goferman2012,
author={S. Goferman and L. Zelnik-Manor and A. Tal},
journal={IEEE Transactions on Pattern Analysis and Machine Intelligence},
title={Context-Aware Saliency Detection},
year={2012},
volume={34},
number={10},
pages={1915-1926},
keywords={Context awareness;Estimation;Feature extraction;Human factors;Image color analysis;Object recognition;Visualization;Image saliency;context aware.;visual saliency;Algorithms;Animals;Birds;Computer Graphics;Fishes;Humans;Image Processing, Computer-Assisted;Visual Perception},
doi={10.1109/TPAMI.2011.272},
ISSN={0162-8828},
month={Oct},}

@Article{lowe2004,
author="Lowe, David G.",
title="Distinctive Image Features from Scale-Invariant Keypoints",
journal="International Journal of Computer Vision",
volume="60",
number="2",
pages="91--110",
abstract="This paper presents a method for extracting distinctive invariant features from images that can be used to perform reliable matching between different views of an object or scene. The features are invariant to image scale and rotation, and are shown to provide robust matching across a substantial range of affine distortion, change in 3D viewpoint, addition of noise, and change in illumination. The features are highly distinctive, in the sense that a single feature can be correctly matched with high probability against a large database of features from many images. This paper also describes an approach to using these features for object recognition. The recognition proceeds by matching individual features to a database of features from known objects using a fast nearest-neighbor algorithm, followed by a Hough transform to identify clusters belonging to a single object, and finally performing verification through least-squares solution for consistent pose parameters. This approach to recognition can robustly identify objects among clutter and occlusion while achieving near real-time performance.",
issn="1573-1405",
doi="10.1023/B:VISI.0000029664.99615.94",
url="http://dx.doi.org/10.1023/B:VISI.0000029664.99615.94"
}
@INPROCEEDINGS{muja2009,
    author = {Marius Muja and David G. Lowe},
    title = {Fast approximate nearest neighbors with automatic algorithm configuration},
    booktitle = {In VISAPP International Conference on Computer Vision Theory and Applications},
    year = {2009},
    pages = {331--340}
}

@INPROCEEDINGS{nebehay2013,
author={G. Nebehay and R. Pflugfelder},
booktitle={Distributed Smart Cameras (ICDSC), 2013 Seventh International Conference on},
title={TLM: Tracking-learning-matching of keypoints},
year={2013},
pages={1-6},
keywords={estimation theory;image classification;image matching;image sequences;object detection;object tracking;video signal processing;TLM;embedded devices;ensemble classifier;keypoint detection;keypoint tracking;matching stage;optic flow estimation;sliding-window approach;tracking mechanism;tracking-learning-matching;training stage;video on-the-fly;Adaptive optics;Detectors;Object tracking;Optical imaging;Robustness;Training;Videos},
doi={10.1109/ICDSC.2013.6778201},
month={Oct},}

@INPROCEEDINGS{kalal2010,
author={Z. Kalal and K. Mikolajczyk and J. Matas},
booktitle={Pattern Recognition (ICPR), 2010 20th International Conference on},
title={Forward-Backward Error: Automatic Detection of Tracking Failures},
year={2010},
pages={2756-2759},
keywords={image sequences;video signal processing;video surveillance;NCC;automatic detection;forward backward error;normalized cross correlation;tracking failures;video sequences;Measurement uncertainty;Pixel;Reliability;Target tracking;Trajectory;Video sequences;forward backward error;tracking failure detection},
doi={10.1109/ICPR.2010.675},
ISSN={1051-4651},
month={Aug},}

@INPROCEEDINGS{yu2014,
author={H. Yu and X. Qi},
booktitle={2014 IEEE International Conference on Multimedia and Expo (ICME)},
title={Unsupervised cosegmentation based on superpixel matching and Fastgrabcut},
year={2014},
pages={1-6},
keywords={Gaussian processes;convergence of numerical methods;expectation-maximisation algorithm;graph theory;image classification;image matching;image segmentation;parameter estimation;set theory;unsupervised learning;FastGrabCut algorithm;GMM;convergence acceleration;convex hull;energy minimization;expectation maximization algorithm;iCoseg dataset;inter image similarity;object mask;optimal Gaussian mixture model parameter estimation;segmentation efficiency improvement;superpixel matching algorithm;unsupervised cosegmentation method;Accuracy;Computational modeling;Convergence;Image color analysis;Image edge detection;Image segmentation;Optimization;Cosegmentation;GrabCut;Graph Cuts;Superpixel Matching},
doi={10.1109/ICME.2014.6890214},
ISSN={1945-7871},
month={July},}

@ARTICLE{yang2014,
author={F. Yang and H. Lu and M. H. Yang},
journal={IEEE Transactions on Image Processing},
title={Robust Superpixel Tracking},
year={2014},
volume={23},
number={4},
pages={1639-1651},
keywords={computer vision;image matching;image representation;image segmentation;maximum likelihood estimation;object tracking;appearance variation;background segmentation;image matching;image representation;maximum a posterior estimate;midlevel vision;object tracking;robust superpixel tracking;target-background confidence map;Adaptation models;Computational modeling;Object tracking;Target tracking;Training;Visualization;Visual tracking;appearance model;midlevel visual cues;superpixel},
doi={10.1109/TIP.2014.2300823},
ISSN={1057-7149},
month={April},}

@Inbook{shokoufandeh2002,
author="Shokoufandeh, Ali
and Dickinson, Sven",
editor="Khosrovshahi, Gholamreza B.
and Shokoufandeh, Ali
and Shokrollahi, Amin",
chapter="Graph-Theoretical Methods in Computer Vision",
title="Theoretical Aspects of Computer Science: Advanced Lectures",
year="2002",
publisher="Springer Berlin Heidelberg",
address="Berlin, Heidelberg",
pages="148--174",
isbn="978-3-540-45878-4",
doi="10.1007/3-540-45878-6_5",
url="http://dx.doi.org/10.1007/3-540-45878-6_5"
}

@INPROCEEDINGS{prokaj11,
author={J. Prokaj and M. Duchaineau and G. Medioni},
booktitle={CVPR 2011 WORKSHOPS},
title={Inferring tracklets for multi-object tracking},
year={2011},
pages={37-44},
keywords={belief networks;image sequences;object tracking;sensor fusion;video signal processing;Bayesian networks;MAP data association;data association hypotheses;multi-object tracking algorithm;tracklet-based methods;vehicle tracking task;video sequences;Approximation algorithms;Inference algorithms;Joints;Noise;Position measurement;Tracking;Velocity measurement},
doi={10.1109/CVPRW.2011.5981753},
ISSN={2160-7508},
month={June},}

@article{feng14,
title = "A novel method for combining Bayesian networks, theoretical analysis, and its applications ",
journal = "Pattern Recognition ",
volume = "47",
number = "5",
pages = "2057 - 2069",
year = "2014",
note = "",
issn = "0031-3203",
doi = "http://dx.doi.org/10.1016/j.patcog.2013.12.005",
url = "http://www.sciencedirect.com/science/article/pii/S0031320313005232",
author = "Guang Feng and Jia-Dong Zhang and Stephen Shaoyi Liao",
keywords = "Bayesian networks combination",
keywords = "Conditional independencies",
keywords = "Association degree superpose",
keywords = "Knowledge fusion "
}

@Inbook{yehezkel06,
author="Yehezkel, Raanan
and Lerner, Boaz",
editor="Yeung, Dit-Yan
and Kwok, James T.
and Fred, Ana
and Roli, Fabio
and de Ridder, Dick",
chapter="Bayesian Network Structure Learning by Recursive Autonomy Identification",
title="Structural, Syntactic, and Statistical Pattern Recognition: Joint IAPR International Workshops, SSPR 2006 and SPR 2006, Hong Kong, China, August 17-19, 2006. Proceedings",
year="2006",
publisher="Springer Berlin Heidelberg",
address="Berlin, Heidelberg",
pages="154--162",
isbn="978-3-540-37241-7",
doi="10.1007/11815921_16",
url="http://dx.doi.org/10.1007/11815921_16"
}

@INPROCEEDINGS{nillius06,
author={P. Nillius and J. Sullivan and S. Carlsson},
booktitle={2006 IEEE Computer Society Conference on Computer Vision and Pattern Recognition (CVPR'06)},
title={Multi-Target Tracking - Linking Identities using Bayesian Network Inference},
year={2006},
volume={2},
pages={2187-2194},
keywords={Bayesian methods;Computer science;Filtering;Information analysis;Information resources;Joining processes;Labeling;Robustness;Surveillance;Target tracking},
doi={10.1109/CVPR.2006.198},
ISSN={1063-6919},
month={},}

@INPROCEEDINGS{chen14,
author={X. Chen and A. Jain and L. S. Davis},
booktitle={IEEE Winter Conference on Applications of Computer Vision},
title={Object co-labeling in multiple images},
year={2014},
pages={721-728},
keywords={image recognition;image segmentation;object recognition;quadratic programming;adaptive framework;appearance consistency;context consistency;image labeling;image recognition;joint image segmentation;label propagation;multiple image annotation;object co-labeling performance;object recognition;objective function;quadratic programming solver;temporal consistency;Buildings;Cost function;Image edge detection;Image segmentation;Labeling;Silicon;Videos},
doi={10.1109/WACV.2014.6836031},
ISSN={1550-5790},
month={March},}

@article{sharon06,
  title={Hierarchy and adaptivity in segmenting visual scenes},
  author={Sharon, Eitan and Galun, Meirav and Sharon, Dahlia and Basri, Ronen and Brandt, Achi},
  journal={Nature},
  volume={442},
  number={7104},
  pages={810--813},
  year={2006},
  publisher={Nature Publishing Group}
}

@inproceedings{chen11,
  title={Piecing together the segmentation jigsaw using context},
  author={Chen, Xi and Jain, Arpit and Gupta, Abhinav and Davis, Larry S},
  booktitle={Computer Vision and Pattern Recognition (CVPR), 2011 IEEE Conference on},
  pages={2001--2008},
  year={2011},
  organization={IEEE}
}

@ARTICLE{benshitrit14,
author={H. B. Shitrit and J. Berclaz and F. Fleuret and P. Fua},
journal={IEEE Transactions on Pattern Analysis and Machine Intelligence},
title={Multi-Commodity Network Flow for Tracking Multiple People},
year={2014},
volume={36},
number={8},
pages={1614-1627},
keywords={linear programming;network theory (graphs);object tracking;APIDIS basketball dataset;ISSIA soccer dataset;PETS09 pedestrian dataset;frame-to-frame appearance;identity switch prevention;image appearance cues;multicommodity network flow problem;multiple people tracking;world championship basketball matches;Linear programming;Optimization;Radar tracking;Real-time systems;Target tracking;Trajectory;Linear Programming;MCNF;Multi-Commodity Network Flow;Multi-object tracking;Tracklet association;layered graph;linear programming;multi-commodity network flow;tracklet association},
doi={10.1109/TPAMI.2013.210},
ISSN={0162-8828},
month={Aug},}

@INPROCEEDINGS{berclaz09,
author={J. Berclaz and F. Fleuret and P. Fua},
booktitle={Performance Evaluation of Tracking and Surveillance (PETS-Winter), 2009 Twelfth IEEE International Workshop on},
title={Multiple object tracking using flow linear programming},
year={2009},
pages={1-8},
keywords={convex programming;dynamic programming;greedy algorithms;linear programming;object detection;sampling methods;search problems;tracking;PETS 2009 data set;constrained flow optimization problem;convex problem;dynamic programming;false-positive detection;flow linear programming;greedy search;multiobject tracking;object detection;sampling;Constraint optimization;Detectors;Dynamic programming;Joining processes;Linear programming;Object detection;Positron emission tomography;Robustness;Sampling methods;Trajectory},
doi={10.1109/PETS-WINTER.2009.5399488},
month={Dec},}

@INPROCEEDINGS{zhang08,
author={Li Zhang and Yuan Li and R. Nevatia},
booktitle={Computer Vision and Pattern Recognition, 2008. CVPR 2008. IEEE Conference on},
title={Global data association for multi-object tracking using network flows},
year={2008},
pages={1-8},
keywords={object detection;sensor fusion;tracking;EOM;MAP;cost-flow network;explicit occlusion model;inter-object occlusions;maximum-a-posteriori data association problem;min-cost flow algorithm;multiple object tracking;public pedestrian datasets;Costs;Event detection;Intelligent robots;Intelligent systems;Iterative algorithms;Iterative methods;Linear programming;Object detection;Optimization methods;Trajectory},
doi={10.1109/CVPR.2008.4587584},
ISSN={1063-6919},
month={June},}

@article{vincent10,
 author = {Vincent, Pascal and Larochelle, Hugo and Lajoie, Isabelle and Bengio, Yoshua and Manzagol, Pierre-Antoine},
 title = {Stacked Denoising Autoencoders: Learning Useful Representations in a Deep Network with a Local Denoising Criterion},
 journal = {J. Mach. Learn. Res.},
 issue_date = {3/1/2010},
 volume = {11},
 month = dec,
 year = {2010},
 issn = {1532-4435},
 pages = {3371--3408},
 numpages = {38},
 url = {http://dl.acm.org/citation.cfm?id=1756006.1953039},
 acmid = {1953039},
 publisher = {JMLR.org},
} 

@article{yehezkel09,
 author = {Yehezkel, Raanan and Lerner, Boaz},
 title = {Bayesian Network Structure Learning by Recursive Autonomy Identification},
 journal = {J. Mach. Learn. Res.},
 issue_date = {12/1/2009},
 volume = {10},
 month = dec,
 year = {2009},
 issn = {1532-4435},
 pages = {1527--1570},
 numpages = {44},
 url = {http://dl.acm.org/citation.cfm?id=1577069.1755836},
 acmid = {1755836},
 publisher = {JMLR.org},
} 

@article{mairal11,
 author = {Mairal, Julien and Jenatton, Rodolphe and Obozinski, Guillaume and Bach, Francis},
 title = {Convex and Network Flow Optimization for Structured Sparsity},
 journal = {J. Mach. Learn. Res.},
 issue_date = {2/1/2011},
 volume = {12},
 month = nov,
 year = {2011},
 issn = {1532-4435},
 pages = {2681--2720},
 numpages = {40},
 url = {http://dl.acm.org/citation.cfm?id=1953048.2078191},
 acmid = {2078191},
 publisher = {JMLR.org},
}

@INPROCEEDINGS{li09,
author={Y. Li and C. Huang and R. Nevatia},
booktitle={Computer Vision and Pattern Recognition, 2009. CVPR 2009. IEEE Conference on},
title={Learning to associate: HybridBoosted multi-target tracker for crowded scene},
year={2009},
pages={2953-2960},
keywords={feature extraction;image classification;image fusion;learning (artificial intelligence);object detection;target tracking;traffic engineering computing;HybridBoosted multitarget tracker;crowded scene;data association;feature selection;hybrid loss function;image classification;learning-based hierarchical approach;nonparametric model;object detection;pedestrian tracking;single camera;Context modeling;Hybrid intelligent systems;Hybrid power systems;Intelligent robots;Layout;Object detection;Parametric statistics;Target tracking;Training data;Trajectory},
doi={10.1109/CVPR.2009.5206735},
ISSN={1063-6919},
month={June},}

@article{zheng15,
  author    = {Haitian Zheng and
               Yebin Liu and
               Mengqi Ji and
               Feng Wu and
               Lu Fang},
  title     = {Learning High-level Prior with Convolutional Neural Networks for Semantic
               Segmentation},
  journal   = {CoRR},
  volume    = {abs/1511.06988},
  year      = {2015},
  url       = {http://arxiv.org/abs/1511.06988},
  timestamp = {Tue, 01 Dec 2015 19:22:34 +0100},
  biburl    = {http://dblp.uni-trier.de/rec/bib/journals/corr/ZhengLJWF15},
  bibsource = {dblp computer science bibliography, http://dblp.org}
}

@article{long14,
  author    = {Jonathan Long and
               Evan Shelhamer and
               Trevor Darrell},
  title     = {Fully Convolutional Networks for Semantic Segmentation},
  journal   = {CoRR},
  volume    = {abs/1411.4038},
  year      = {2014},
  url       = {http://arxiv.org/abs/1411.4038},
  timestamp = {Mon, 01 Dec 2014 14:32:13 +0100},
  biburl    = {http://dblp.uni-trier.de/rec/bib/journals/corr/LongSD14},
  bibsource = {dblp computer science bibliography, http://dblp.org}
}

@INPROCEEDINGS{chang13,
author={J. Chang and D. Wei and J. W. Fisher III},
booktitle={Computer Vision and Pattern Recognition (CVPR), 2013 IEEE Conference on},
title={A Video Representation Using Temporal Superpixels},
year={2013},
pages={2051-2058},
keywords={Gaussian processes;image representation;image sequences;video signal processing;bilateral Gaussian process;generative probabilistic model;object parts;supervoxel methods;temporal superpixels;video representation;video sequences;Clustering algorithms;Graphical models;Image segmentation;Joints;Kernel;Motion segmentation;Topology;oversegmentation;superpixels;supervoxels;tracking;video segmentation},
doi={10.1109/CVPR.2013.267},
ISSN={1063-6919},
month={June},}

@article {berclaz11,
      author = "J. Berclaz and F. Fleuret and E. T\"{u}retken and P. Fua",
      title = "Multiple Object Tracking using K-Shortest Paths Optimization",
      journal = "IEEE Transactions on Pattern Analysis and Machine Intelligence",
      year = "2011",
} 

@INPROCEEDINGS{bandhari97,
author={R. Bhandari},
booktitle={Computers and Communications, 1997. Proceedings., Second IEEE Symposium on},
title={Optimal physical diversity algorithms and survivable networks},
year={1997},
pages={433-441},
keywords={graph theory;network topology;optical fibre networks;optimisation;telecommunication network reliability;telecommunication network routing;K-disjoint paths;design;digital cross-connect systems;edges;graph;optimal algorithms;optimal network topologies;optimal physical diversity algorithms;physical diversity;physical link fail;physical link failure;physically-disjoint paths;reliability;routing;spare capacity;survivable mesh networks;survivable networks;traffic;vertices;Algorithm design and analysis;Cost function;Distributed control;Laboratories;Mesh networks;Network topology;Routing;Telecommunication network reliability;Telecommunication traffic;Traffic control},
doi={10.1109/ISCC.1997.616037},
month={Jul},}

@PhdThesis{graphEigenInterlacing,
  author =       {Steven Kay Butler},
  title =        {Eigenvalues and Structures of Graphs},
  school =       {},
  year =         {2008},
  OPTkey =       {},
  OPTtype =      {},
  OPTaddress =   {},
  OPTmonth =     {},
  OPTnote =      {},
  OPTannote =    {}
}

@article {suurballe74,
author = {Suurballe, J. W.},
title = {Disjoint paths in a network},
journal = {Networks},
volume = {4},
number = {2},
publisher = {Wiley Subscription Services, Inc., A Wiley Company},
issn = {1097-0037},
url = {http://dx.doi.org/10.1002/net.3230040204},
doi = {10.1002/net.3230040204},
pages = {125--145},
year = {1974},
}